<record><leader>00000cas a22000007a 4500</leader><controlfield tag="001">931090</controlfield><controlfield tag="008">740627d19731979nhuwr ne      0    1eng d</controlfield><controlfield tag="009">76</controlfield><datafield ind1=" " ind2=" " tag="010"><subfield code="a">sn 90062028 </subfield></datafield><datafield ind1=" " ind2=" " tag="040"><subfield code="a">DRB</subfield><subfield code="b">eng</subfield><subfield code="c">DRB</subfield><subfield code="d">OCL</subfield><subfield code="d">NVH</subfield></datafield><datafield ind1=" " ind2=" " tag="042"><subfield code="a">msc</subfield></datafield><datafield ind1="0" ind2="0" tag="245"><subfield code="a">Granite state gazette, Mascoma week.</subfield></datafield><datafield ind1="0" ind2="0" tag="247"><subfield code="a">Granite State gazette and Mascoma week</subfield></datafield><datafield ind1=" " ind2=" " tag="260"><subfield code="a">Lebanon, N.H. :</subfield><subfield code="b">Connecticut Valley Pub. Co.,</subfield></datafield><datafield ind1=" " ind2=" " tag="300"><subfield code="a">v.</subfield></datafield><datafield ind1=" " ind2=" " tag="310"><subfield code="a">Weekly</subfield></datafield><datafield ind1="0" ind2=" " tag="362"><subfield code="a">Vol. 7, no. 36 (Sept. 7, 1973)-v. 14, no. 31 (Aug. 2, 1979).</subfield></datafield><datafield ind1=" " ind2=" " tag="752"><subfield code="a">United States</subfield><subfield code="b">New Hampshire</subfield><subfield code="c">Grafton</subfield><subfield code="d">Lebanon.</subfield></datafield><datafield ind1="0" ind2="4" tag="780"><subfield code="t">Granite state gazette</subfield><subfield code="w">(DLC)sn 90062107</subfield></datafield><datafield ind1="0" ind2="4" tag="780"><subfield code="t">Mascoma week</subfield><subfield code="w">(DLC)sn 90062038</subfield></datafield><datafield ind1="0" ind2="0" tag="785"><subfield code="t">Hanover gazette (Lebanon, N.H.)</subfield><subfield code="w">(DLC)sn 90062102</subfield></datafield></record>